
@article{benoistIntroductionRandomWalks2012,
  title = {Introduction to Random Walks on Homogeneous Spaces},
  author = {Benoist, Yves and Quint, Jean-François},
  date = {2012-11},
  journaltitle = {Japanese Journal of Mathematics},
  shortjournal = {Jpn. J. Math.},
  volume = {7},
  pages = {135--166},
  issn = {0289-2316, 1861-3624},
  doi = {10.1007/s11537-012-1220-9},
  url = {http://link.springer.com/10.1007/s11537-012-1220-9},
  urldate = {2020-02-21},
  abstract = {Let a0 and a1 be two matrices in SL(2, Z) which span a non-solvable group. Let x0 be an irrational point on the torus T2. We toss a0 or a1, apply it to x0, get another irrational point x1, do it again to x1, get a point x2, and again. This random trajectory is equidistributed on the torus. This phenomenon is quite general on any finite volume homogeneous space.},
  file = {/Users/florestan/Zotero/storage/SQ82IDMV/Benoist and Quint - 2012 - Introduction to random walks on homogeneous spaces.pdf},
  langid = {english},
  number = {2}
}

@article{ghysDynamiqueFlotsUnipotentsa,
  title = {Dynamique des flots unipotents sur les espaces homogènes},
  author = {Ghys, Étienne},
  pages = {45},
  file = {/Users/florestan/Zotero/storage/ZLKBGDWI/Ghys - Dynamique des flots unipotents sur les espaces hom.pdf},
  langid = {french}
}

@article{quintIntroductionStudyDynamical,
  title = {An Introduction to the Study of Dynamical Systems on Homogeneous Spaces},
  author = {Quint, Jean-Francois},
  pages = {45},
  file = {/Users/florestan/Zotero/storage/Z9LVIZIY/Quint - An introduction to the study of dynamical systems .pdf},
  langid = {english}
}


